
@article{frnda2022,
	title = {ECMWF short-term prediction accuracy improvement by deep learning},
	author = {Frnda, Jaroslav and Durica, Marek and Rozhon, Jan and Vojtekova, Maria and Nedoma, Jan and Martinek, Radek},
	year = {2022},
	month = {05},
	date = {2022-05-12},
	journal = {Scientific Reports},
	volume = {12},
	number = {1},
	doi = {10.1038/s41598-022-11936-9},
	url = {http://dx.doi.org/10.1038/s41598-022-11936-9},
	langid = {en}
}

@article{frnda2022,
	title = {ECMWF short-term prediction accuracy improvement by deep learning},
	author = {Frnda, Jaroslav and Durica, Marek and Rozhon, Jan and Vojtekova, Maria and Nedoma, Jan and Martinek, Radek},
	year = {2022},
	month = {05},
	date = {2022-05-12},
	journal = {Scientific Reports},
	volume = {12},
	number = {1},
	doi = {10.1038/s41598-022-11936-9},
	url = {http://dx.doi.org/10.1038/s41598-022-11936-9},
	langid = {en}
}

@article{ggplot2,
	title = {ggplot2: Elegant Graphics for Data Analysis},
	author = {Wickham, Hadley},
	year = {2016},
	date = {2016},
	url = {https://ggplot2.tidyverse.org}
}

@article{ggpubr,
	title = {ggpubr: 'ggplot2' Based Publication Ready Plots},
	author = {Kassambara, Alboukadel},
	year = {2023},
	date = {2023},
	url = {https://CRAN.R-project.org/package=ggpubr}
}

@article{readxl,
	title = {readxl: Read Excel Files},
	author = {Wickham, Hadley and Bryan, Jennifer},
	year = {2023},
	date = {2023},
	url = {https://CRAN.R-project.org/package=readxl}
}

@article{tidyverse,
	title = {Welcome to the {\textbraceleft}tidyverse{\textbraceright}},
	author = {Wickham, Hadley and Averick, Mara and Bryan, Jennifer and Chang, Winston and McGowan, {Lucy D'Agostino} and {François}, Romain and Grolemund, Garrett and Hayes, Alex and Henry, Lionel and Hester, Jim and Kuhn, Max and Pedersen, Thomas Lin and Miller, Evan and Bache, Stephan Milton and {Müller}, Kirill and Ooms, Jeroen and Robinson, David and Seidel, Dana Paige and Spinu, Vitalie and Takahashi, Kohske and Vaughan, Davis and Wilke, Claus and Woo, Kara and Yutani, Hiroaki},
	year = {2019},
	date = {2019},
	pages = {1686},
	volume = {4},
	doi = {10.21105/joss.01686}
}

@article{ggplot2-2,
	title = {ggplot2: Elegant Graphics for Data Analysis},
	author = {Wickham, Hadley},
	year = {2016},
	date = {2016},
	url = {https://ggplot2.tidyverse.org}
}

@article{ggpubr-2,
	title = {ggpubr: 'ggplot2' Based Publication Ready Plots},
	author = {Kassambara, Alboukadel},
	year = {2023},
	date = {2023},
	url = {https://CRAN.R-project.org/package=ggpubr}
}

@article{raster,
	title = {raster: Geographic Data Analysis and Modeling},
	author = {Hijmans, Robert J.},
	year = {2023},
	date = {2023},
	url = {https://CRAN.R-project.org/package=raster}
}

@article{rnaturalearth,
	title = {rnaturalearth: World Map Data from Natural Earth},
	author = {Massicotte, Philippe and South, Andy},
	year = {2023},
	date = {2023},
	url = {https://CRAN.R-project.org/package=rnaturalearth}
}

@article{ncdf4,
	title = {ncdf4: Interface to Unidata netCDF (Version 4 or Earlier) Format Data
Files},
	author = {Pierce, David},
	year = {2023},
	date = {2023},
	url = {https://CRAN.R-project.org/package=ncdf4}
}

@article{R.utils,
	title = {R.utils: Various Programming Utilities},
	author = {Bengtsson, Henrik},
	year = {2023},
	date = {2023},
	url = {https://CRAN.R-project.org/package=R.utils}
}

@article{sf,
	title = {{\textbraceleft}Spatial Data Science: With applications in R{\textbraceright}},
	author = {Pebesma, Edzer and Bivand, Roger},
	year = {2023},
	date = {2023},
	doi = {10.1201/9780429459016},
	url = {https://r-spatial.org/book/}
}

@article{gt,
	title = {gt: Easily Create Presentation-Ready Display Tables},
	author = {Iannone, Richard and Cheng, Joe and Schloerke, Barret and Hughes, Ellis and Lauer, Alexandra and Seo, JooYoung},
	year = {2023},
	date = {2023},
	url = {https://CRAN.R-project.org/package=gt}
}

@inbook{vladimirov2020,
	title = {Correction to: Impact of Data Assimilation on Short-Term Precipitation Forecasts Using WRF-ARW Model},
	author = {Vladimirov, Evgeni and Dimitrova, Reneta and Danchovski, Ventsislav},
	year = {2020},
	date = {2020},
	publisher = {Springer International Publishing},
	pages = {C1--C1},
	doi = {10.1007/978-3-030-41032-2_73},
	url = {http://dx.doi.org/10.1007/978-3-030-41032-2_73}
}

@article{geer2018,
	title = {All{-}sky satellite data assimilation at operational weather forecasting centres},
	author = {Geer, Alan J. and Lonitz, Katrin and Weston, Peter and Kazumori, Masahiro and Okamoto, Kozo and Zhu, Yanqiu and Liu, Emily Huichun and Collard, Andrew and Bell, William and Migliorini, Stefano and Chambon, Philippe and {Fourrié}, Nadia and Kim, {Min{-}Jeong} and {Köpken{-}Watts}, Christina and Schraff, Christoph},
	year = {2018},
	month = {04},
	date = {2018-04},
	journal = {Quarterly Journal of the Royal Meteorological Society},
	pages = {1191--1217},
	volume = {144},
	number = {713},
	doi = {10.1002/qj.3202},
	url = {http://dx.doi.org/10.1002/qj.3202},
	langid = {en}
}

@article{powers2017,
	title = {The Weather Research and Forecasting Model: Overview, System Efforts, and Future Directions},
	author = {Powers, Jordan G. and Klemp, Joseph B. and Skamarock, William C. and Davis, Christopher A. and Dudhia, Jimy and Gill, David O. and Coen, Janice L. and Gochis, David J. and Ahmadov, Ravan and Peckham, Steven E. and Grell, Georg A. and Michalakes, John and Trahan, Samuel and Benjamin, Stanley G. and Alexander, Curtis R. and Dimego, Geoffrey J. and Wang, Wei and Schwartz, Craig S. and Romine, Glen S. and Liu, Zhiquan and Snyder, Chris and Chen, Fei and Barlage, Michael J. and Yu, Wei and Duda, Michael G.},
	year = {2017},
	month = {08},
	date = {2017-08-01},
	journal = {Bulletin of the American Meteorological Society},
	pages = {1717--1737},
	volume = {98},
	number = {8},
	doi = {10.1175/bams-d-15-00308.1},
	url = {http://dx.doi.org/10.1175/BAMS-D-15-00308.1},
	langid = {en}
}

@article{yucel2014,
	title = {Evaluating a mesoscale atmosphere model and a satellite-based algorithm in estimating extreme rainfall events in northwestern Turkey},
	author = {Yucel, I. and Onen, A.},
	year = {2014},
	month = {03},
	date = {2014-03-17},
	journal = {Natural Hazards and Earth System Sciences},
	pages = {611--624},
	volume = {14},
	number = {3},
	doi = {10.5194/nhess-14-611-2014},
	url = {http://dx.doi.org/10.5194/nhess-14-611-2014},
	langid = {en}
}

@article{yucel2015,
	title = {Calibration and evaluation of a flood forecasting system: Utility of numerical weather prediction model, data assimilation and satellite-based rainfall},
	author = {Yucel, I. and Onen, A. and Yilmaz, K.K. and Gochis, D.J.},
	year = {2015},
	month = {04},
	date = {2015-04},
	journal = {Journal of Hydrology},
	pages = {49--66},
	volume = {523},
	doi = {10.1016/j.jhydrol.2015.01.042},
	url = {http://dx.doi.org/10.1016/j.jhydrol.2015.01.042},
	langid = {en}
}

@article{bao2015,
	title = {Impacts of AMSU-A, MHS and IASI data assimilation on temperature and humidity forecasts with GSI{\textendash}WRF over the western United States},
	author = {Bao, Y. and Xu, J. and Powell Jr., A. M. and Shao, M. and Min, J. and Pan, Y.},
	year = {2015},
	month = {10},
	date = {2015-10-14},
	journal = {Atmospheric Measurement Techniques},
	pages = {4231--4242},
	volume = {8},
	number = {10},
	doi = {10.5194/amt-8-4231-2015},
	url = {http://dx.doi.org/10.5194/amt-8-4231-2015},
	langid = {en}
}

@article{cheng2017,
	title = {Short-term wind forecast of a data assimilation/weather forecasting system with wind turbine anemometer measurement assimilation},
	author = {Cheng, William Y.Y. and Liu, Yubao and Bourgeois, Alfred J. and Wu, Yonghui and Haupt, Sue Ellen},
	year = {2017},
	month = {07},
	date = {2017-07},
	journal = {Renewable Energy},
	pages = {340--351},
	volume = {107},
	doi = {10.1016/j.renene.2017.02.014},
	url = {http://dx.doi.org/10.1016/j.renene.2017.02.014},
	langid = {en}
}
